<record><leader>00000cas a22000007a 4500</leader><controlfield tag="001">20501652</controlfield><controlfield tag="008">891017d19791992aruwr ne      0    0eng d</controlfield><datafield ind1=" " ind2=" " tag="010"><subfield code="a">sn 89051391 </subfield></datafield><datafield ind1=" " ind2=" " tag="040"><subfield code="a">ANU</subfield><subfield code="b">eng</subfield><subfield code="c">ANU</subfield><subfield code="d">OCLCQ</subfield></datafield><datafield ind1=" " ind2=" " tag="042"><subfield code="a">msc</subfield></datafield><datafield ind1="0" ind2="0" tag="245"><subfield code="a">Lakeriver times.</subfield></datafield><datafield ind1="3" ind2="0" tag="246"><subfield code="a">Lake river times</subfield></datafield><datafield ind1=" " ind2=" " tag="260"><subfield code="a">Bull Shoals, Ark. :</subfield><subfield code="b">Lakeriver Times</subfield></datafield><datafield ind1=" " ind2=" " tag="300"><subfield code="a">v.</subfield></datafield><datafield ind1=" " ind2=" " tag="310"><subfield code="a">Weekly</subfield></datafield><datafield ind1="1" ind2=" " tag="362"><subfield code="a">Began in 1979.</subfield></datafield><datafield ind1="0" ind2=" " tag="362"><subfield code="a">-v. 12, no. 35 (Apr. 30, 1992).</subfield></datafield><datafield ind1=" " ind2=" " tag="588"><subfield code="a">Description based on: Vol. 1, no. 45 (July 10, 1980).</subfield></datafield><datafield ind1=" " ind2="4" tag="651"><subfield code="a">Bull Shoals (Ark.)</subfield><subfield code="v">Newspapers.</subfield></datafield><datafield ind1=" " ind2="4" tag="651"><subfield code="a">Marion County (Ark.)</subfield><subfield code="v">Newspapers.</subfield></datafield><datafield ind1=" " ind2=" " tag="752"><subfield code="a">United States</subfield><subfield code="b">Arkansas</subfield><subfield code="c">Marion</subfield><subfield code="d">Bull Shoals.</subfield></datafield><datafield ind1="0" ind2="5" tag="785"><subfield code="t">North Arkansas journal</subfield><subfield code="w">(DLC)sn 89051392</subfield></datafield></record>